<?xml version="1.0" encoding="UTF-8"?><collection xmlns="http://www.loc.gov/MARC21/slim"><record><leader>00504nam--2200181-u-4500</leader><controlfield tag="001">000056490</controlfield><controlfield tag="002">20161230</controlfield><controlfield tag="005">20161230201052</controlfield><controlfield tag="008">151030s1000------------r-----000-0-rus-d</controlfield><datafield ind1=" " ind2=" " tag="040"><subfield code="a">IFIN-HH</subfield></datafield><datafield ind1=" " ind2=" " tag="041"><subfield code="a">rus</subfield></datafield><datafield ind1=" " ind2=" " tag="080"><subfield code="a">535.33(083.4)</subfield></datafield><datafield ind1="1" ind2=" " tag="100"><subfield code="a">Zaideli, A.N</subfield></datafield><datafield ind1="1" ind2="0" tag="245"><subfield code="a">Tabliti spektralnih linii</subfield><subfield code="c">A.n. zaideli, v.k. prokofiev, s.m. raiskii, e.ia. sreider</subfield></datafield><datafield ind1=" " ind2=" " tag="260"><subfield code="a">Moskva</subfield><subfield code="b">Fiziko-matematiceskoi Litaraturi</subfield><subfield code="c">1962</subfield></datafield><datafield ind1=" " ind2=" " tag="300"><subfield code="a">607P</subfield></datafield><datafield ind1=" " ind2=" " tag="852"><subfield code="a">8654</subfield><subfield code="c">53.081</subfield></datafield><datafield ind1=" " ind2=" " tag="CAT"><subfield code="a">Sys</subfield><subfield code="c">20151030</subfield><subfield code="h">125002</subfield></datafield></record></collection>